@FOOTNOTE{Note1,key="Note1",note="a footnote"}
